@manual{armv7m,
	author = "ARM",
	title = "ARM v7-M Architecture Reference Manual",
}

@manual{user_manual,
	author = "Security Embedded",
	title = "MCU-Fortifier User Manual",
}

@manual{an4838,
	author = "STMicroelectronics",
	title = "AN4838 Application Note - Managing memory protection unit in STM32 MCUs",
	year = "2021",
	month = "September",
}

@manual{rm0351,
	author = "STMicroelectronics",
	title = "RM0434 Reference manual - Multiprotocol wireless 32-bit MCU Arm\textsuperscript{\textregistered}-based Cortex\textsuperscript{\textregistered}-M4 with	FPU, Bluetooth\textsuperscript{\textregistered} Low-Energy and 802.15.4 radio solution",
	year = "2021",
	month = "June",
}

@article{suv,
	author = "Ammar Mahmoud, Crispo Bruno, Jacobs Bart, Hughes Danny, Daniels Wilfried",
	journal = "IEEE Transactions on Dependable and Secure Computing",
	title = "S$\mu$Vâ€”The Security MicroVisor: A Formally-Verified Software-Based Security Architecture for the Internet of Things",
	year = "2019",
	volume = "16",
	number = "5",
	pages = "885-901",
	doi = "10.1109/TDSC.2019.2928541"
}

@article{msp,
	author = "Grisafi Michele",
	title = "$\mu$MSP: Design and implementation of a software-based memory isolation technique for MSP430-based embedded systems", 
	year = "2020",
	volume = "16",
	number = "5",
	pages = "885-901",
	doi = "10.1109/TDSC.2019.2928541"
}